@article{dutton1997review,
  title={A review of machine learning},
  author={Dutton, David M and Conroy, Gerard V},
  journal={The Knowledge Engineering Review},
  volume={12},
  number={04},
  pages={341--367},
  year={1997},
  publisher={Cambridge Univ Press}
}

@article{lopez1998machine,
  title={Machine learning from examples: Inductive and lazy methods},
  author={Lopez de Mantaras, Ramon and Armengol, Eva},
  journal={Data \& Knowledge Engineering},
  volume={25},
  number={1},
  pages={99--123},
  year={1998},
  publisher={Elsevier}
}

@book{anderson1986machine,
  title={Machine learning: An artificial intelligence approach},
  author={Anderson, John Robert and Michalski, Ryszard Stanis{\l}aw and Carbonell, Jaime Guillermo and Mitchell, Tom Michael},
  volume={2},
  year={1986},
  publisher={Morgan Kaufmann}
}

@article{russell1995modern,
  title={A modern approach},
  author={Russell, Stuart and Norvig, Peter and Intelligence, Artificial},
  journal={Artificial Intelligence. Prentice-Hall, Egnlewood Cliffs},
  volume={25},
  year={1995},
  publisher={Citeseer}
}

@inproceedings{castillo1996goal,
  title={Goal oriented symbolic propagation in Bayesian networks},
  author={Castillo, Enrique and Guti{\'e}rrez, Jos{\'e} Manuel and Hadi, Ali S},
  booktitle={PROCEEDINGS OF THE NATIONAL CONFERENCE ON ARTIFICIAL INTELLIGENCE},
  pages={1263--1268},
  year={1996},
  organization={Citeseer}
}

@article{roth2009learning,
  title={Learning multi-linear representations of distributions for efficient inference},
  author={Roth, Dan and Samdani, Rajhans},
  journal={Machine Learning},
  volume={76},
  number={2-3},
  pages={195--209},
  year={2009},
  publisher={Springer}
}


@article{meila2001learning,
  title={Learning with mixtures of trees},
  author={Meila, Marina and Jordan, Michael I},
  journal={The Journal of Machine Learning Research},
  volume={1},
  pages={1--48},
  year={2001},
  publisher={JMLR. org}
}

@article{jaeger2006learning,
  title={Learning probabilistic decision graphs},
  author={Jaeger, Manfred and Nielsen, Jens D and Silander, Tomi},
  journal={International Journal of Approximate Reasoning},
  volume={42},
  number={1},
  pages={84--100},
  year={2006},
  publisher={Elsevier}
}

@article{heckerman1995learning,
	title={Learning Bayesian networks: The combination of knowledge and statistical data},
	author={Heckerman, David and Geiger, Dan and Chickering, David M},
	journal={Machine learning},
	volume={20},
	number={3},
	pages={197--243},
	year={1995},
	publisher={Springer}
}

@misc{kotsiantis2007supervised,
	title={Supervised machine learning: A review of classification techniques},
	author={Kotsiantis, Sotiris B and Zaharakis, ID and Pintelas, PE},
	year={2007}
}

@article{michie1994machine,
	title={Machine learning, neural and statistical classification},
	author={Michie, Donald and Spiegelhalter, David J and Taylor, Charles C},
	year={1994},
	publisher={Citeseer}
}

@article{dietterich1998approximate,
	title={Approximate statistical tests for comparing supervised classification learning algorithms},
	author={Dietterich, Thomas G},
	journal={Neural computation},
	volume={10},
	number={7},
	pages={1895--1923},
	year={1998},
	publisher={MIT Press}
}

@article{vilalta2002perspective,
	title={A perspective view and survey of meta-learning},
	author={Vilalta, Ricardo and Drissi, Youssef},
	journal={Artificial Intelligence Review},
	volume={18},
	number={2},
	pages={77--95},
	year={2002},
	publisher={Springer}
}